# Put your BibTeX entries in this file.

@INPROCEEDINGS{cinema:Ahrens:SC14,
	author={J. {Ahrens} and S. {Jourdain} and P. {OLeary} and J. {Patchett} and D. H. {Rogers} and M. {Petersen}},
	booktitle={SC '14: Proceedings of the International Conference for High Performance Computing, Networking, Storage and Analysis},
	title={An Image-Based Approach to Extreme Scale in Situ Visualization and Analysis},
	year={2014},
	volume={},
	number={},
	pages={424-434},
	doi={10.1109/SC.2014.40},
	ISSN={},
	month={Nov},
}# Put your BibTeX entries in this file.
@TECHREPORT {priedhorskyrrandlestc2016,
    author      = "Priedhorsky, R and Randles, TC",
    title       = "Charliecloud: Unprivileged containers for user-defined
software stacks in HPC",
    institution = "Los Alamos National Laboratory",
    year        = "2016",
    number      = "LA-UR-16-22370",
    note        = "available as
\url{http://permalink.lanl.gov/object/tr?what=info:lanl-repo/lareport/LA-UR-16-22370}"
}

@MISC {dockerinc,
    author       = "Docker Inc.",
    title        = "Docker",
    howpublished = "\url{https://www.docker.com}"
}

@MISC {pfsefigithub,
    author	 = "PFSEFI",
    title        = "{Parallel Fine-grained Soft Error Fault Injector (P-FSEFI)}",
    howpublished = "\url{https://github.com/lanl/PFSEFI"}"
}

@MISC {beeproject,
    author       = "BEE",
    title       = "{BEE}",
    howpublished = "\url{http://bee.dsscale.org}"
}

@INPROCEEDINGS {canonrsjacobsend,
    author    = "RS Canon and D Jacobsen",
    title     = "Shifter: Containers for HPC",
    booktitle = "Proceedings of the Cray User's Group",
    year      = "2016"
}

@ARTICLE {kurtzergmsochatvbauermw,
    author  = "Kurtzer GM, Sochat V, Bauer MW",
    title   = "Singularity: Scientific containers for mobility of compute",
    journal = "PLoS ONE",
    year    = "2017",
    month   = "may",
    note    = "available as \url{https://doi.org/10.1371/journal.pone.0177459}"
}

@INPROCEEDINGS{6877352, 
author={Q. Guan and N. Debardeleben and S. Blanchard and S. Fu}, 
booktitle={2014 IEEE 28th International Parallel and Distributed Processing Symposium}, 
title={F-SEFI: A Fine-Grained Soft Error Fault Injection Tool for Profiling Application Vulnerability}, 
year={2014}, 
volume={}, 
number={}, 
pages={1245-1254}, 
keywords={fault tolerant computing;operating systems (computers);parallel
processing;program compilers;public domain software;virtual machines;F-SEFI;HPC
applications;QEMU;application source code;compilers;data corruption;design
constraints;exascale computing;feature size;fine-grained soft error fault
injection tool;high performance computing community;open source virtual machine
hypervisor;operating systems;operating voltage;profiling application
vulnerability;soft errors;software robustness profiling;Benchmark
testing;Circuit faults;Hardware;Probes;Registers;Virtual machine
monitors;Virtual machining;High Performance Computing;fault
injection;resilience;soft error;vulnerability}, 
doi={10.1109/IPDPS.2014.128}, 
ISSN={1530-2075}, 
month={May},}

@inproceedings{DBLP:conf-ppopp-MenonM18,
  author    = {Harshitha Menon and
               Kathryn Mohror},
  title     = {DisCVar: discovering critical variables using algorithmic differentiation for transient faults},
  booktitle = {Proceedings of the 23rd {ACM} {SIGPLAN} Symposium on Principles
and
               Practice of Parallel Programming, PPoPP 2018, Vienna, Austria,
February
               24-28, 2018},
  pages     = {195--206},
  year      = {2018},
  url       = {https://doi.org/10.1145/3178487.3178502},
  doi       = {10.1145/3178487.3178502},
  timestamp = {Tue, 06 Nov 2018 16:57:28 +0100},
  biburl    = {https://dblp.org/rec/bib/conf/ppopp/MenonM18},
  bibsource = {dblp computer science bibliography, https://dblp.org}
}
# Put your BibTeX entries in this file.
@misc{ecp:homepage,
	author = "{ECP} Team",
	title = "{The {E}xascale {C}omputing {P}roject}",
	howpublished = {\url{https://exascaleproject.org}}
}

@misc{LLVMPAR:rfc,
  author = {Vikram Adve and Hal Finkel and Maria Kotsifakou and Tao Schardl and George Stelle and Xinmin Tian},
  title = {RFC: An Extension Mechanism for Parallel Compilers Based on LLVM},
  url = {http://lists.llvm.org/pipermail/llvm-dev/2018-October/126971.html}
}

@misc{LLVM:2018, 
	author = "{LLVM Compiler Infrastructure}",
	title = "{LLVM Compiler Infrastructure}",
	howpublished = {\url{http://www.llvm.org}}
}

@misc{EuroLLVM:2018, 
	author = "{2018 European LLVM Developers Meeting}", 
	title = "{2018 European LLVM Developers Meeting}", 
	howpublished = {\url{https://llvm.org/devmtg/2018-04/}}
}

@inproceedings{Stelle:2017, 
 author = {Stelle, George and Moses, William S. and Olivier, Stephen L. and McCormick, Patrick},
 title = {OpenMPIR: Implementing OpenMP Tasks with Tapir},
 booktitle = {Proceedings of the Fourth Workshop on the LLVM Compiler Infrastructure in HPC},
 series = {LLVM-HPC'17},
 year = {2017},
 isbn = {978-1-4503-5565-0},
 location = {Denver, CO, USA},
 pages = {3:1--3:12},
 articleno = {3},
 numpages = {12},
 url = {http://doi.acm.org/10.1145/3148173.3148186},
 doi = {10.1145/3148173.3148186},
 acmid = {3148186},
 publisher = {ACM},
 address = {New York, NY, USA},
} 

@misc{Flang:2018,
        author = "{Flang Fortran Compiler}", 
        title = "{Flang Fortran Compiler}", 
        howpublished = {\url{https://github.com/flang-compiler/flang}}
}


@article{2.3.6.01:kitsune:Schardl:2017,
 author = {Schardl, Tao B. and Moses, William S. and Leiserson, Charles E.},
 title = {Tapir: Embedding Fork-Join Parallelism into LLVM's Intermediate Representation},
 journal = {SIGPLAN Not.},
 issue_date = {August 2017},
 volume = {52},
 number = {8},
 month = jan,
 year = {2017},
 issn = {0362-1340},
 pages = {249--265},
 numpages = {17},
 url = {http://doi.acm.org/10.1145/3155284.3018758},
 doi = {10.1145/3155284.3018758},
 acmid = {3018758},
 publisher = {ACM},
 address = {New York, NY, USA},
 keywords = {cilk, compiling, control-flow graph, fork-join parallelism, llvm, multicore, openmp, optimization, par- allel computing, serial semantics, tapir},
} 
