# Put your BibTeX entries in this file.

@misc{xSDK-community-package-policies2016,
        title  = {{xSDK} Community Package Policies},
        author = {B. Smith and R. Bartlett and {xSDK developers}},
        note   = {version 0.3, December 2, 2016,
        \url{https://dx.doi.org/10.6084/m9.figshare.4495136}},
        year   = 2016
}

@misc{e4s:policies,
        key = "{E4S} {P}roject {T}eam",
        title = "{{E4S} {C}ommunity {P}olicies}",
        howpublished = {\url{https://e4s-project.github.io/policies.html}}
}


techreport{Klinvex-xSDKTrilinos,
        title = {{xSDKTrilinos} User Manual},
        author = {Alicia Marie Klinvex},
        year = 2016,
        number = {SAND2016-3396 O},
        institution = {Sandia}
}

misc{xSDK-community-installation-policies2016,
        title  = {{xSDK} Community Installation Policies: {GNU Autoconf} and {CMake} Options},
        author = {R. Bartlett and J. Sarich and B. Smith and T. Gamblin and {xSDK developers}},
        note   = {version 0.1, December 19, 2016, \url{https://dx.doi.org/10.6084/m9.figshare.4495133}},
        year   = 2016
}

inproceedings{gamblin+:sc15,
        Acceptancerate = {22\%},
        Address = {Austin, Texas},
        Author = {Todd Gamblin and Matthew P. LeGendre and Michael R. Collette and Gregory L. Lee and Adam Moody and Bronis R. de Supinski and W. Scott Futral},
        Booktitle = {Supercomputing 2015 (SC'15)},
        Date-Added = {2015-06-28 22:46:34 +0000},
        Date-Modified = {2015-10-12 16:12:11 +0000},
        Month = {November 15-20},
        Note = {LLNL-CONF-669890},
        Title = {{The Spack Package Manager: Bringing order to HPC software chaos}},
        Url = {http://tgamblin.github.io/pubs/spack-sc15.pdf},
        Year = {2015}}

@misc{e4s:homepage,
	key = "{E4S} {P}roject {T}eam",
	title = "{{E4S} {W}eb page}",
	howpublished = {\url{http://e4s.io}}
}

@misc{e4s:validation,
        key = "{E4S} {P}roject {T}eam",
        title = "{{E4S} {V}alidation {T}est {S}uite}",
        howpublished = {\url{https://github.com/E4S-Project/testsuite}}
}

