# Put your BibTeX entries in this file.
