# Put your BibTeX entries in this file.

@TechReport{vetter:2018:extreme,
    author =       "J. S. Vetter and R. Brightwell and M. Gokhale and P.
    McCormick and R. Ross and J. Shalf and K. Antypas and
    D. Donofrio and T. Humble and C. Schuman and B. Van
    Essen and S. Yoo and A. Aiken and D. Bernholdt and S.
    Byna and K. Cameron and F. Cappello and B. Chapman and
    A. Chien and M. Hall and R. Hartman-Baker and Z. Lan
    and M. Lang and J. Leidel and S. Li and R. Lucas and J.
    Mellor-Crummey and P. Peltz Jr. and T. Peterka and M.
    Strout and J. Wilke",
    title =        "Extreme Heterogeneity 2018 - Productive Computational
    Science in the Era of Extreme Heterogeneity: Report for
    {DOE} {ASCR} Workshop on Extreme Heterogeneity",
    institution =  "USDOE Office of Science (SC) (United States)",
    year =         "2018",
    doi =          "10.2172/1473756",
}
