# Put your BibTeX entries in this file.

@INPROCEEDINGS{zhao2018, 
author={T. {Zhao} and S. {Williams} and M. {Hall} and H. {Johansen}}, 
booktitle={2018 IEEE/ACM International Workshop, P3HPC}, 
title={Delivering Performance-Portable Stencil Computations on {CPU}s and {GPU}s Using Bricks}, 
year={2018}, 
volume={}, 
number={}, 
pages={59-70}, 
doi={10.1109/P3HPC.2018.00009}, 
ISSN={}, 
month={Nov},}

@INPROCEEDINGS{zhao2019, 
author={T. {Zhao} and P. {Basu} and S. {Williams} and M. {Hall} and H. {Johansen}}, 
booktitle={accepted and to appear, SC 2019}, 
title={Exploiting Reuse and Vectorization in Blocked Stencil Computations on
  {CPU}s and {GPU}s}, 
year={2019}, 
volume={}, 
number={}, 
ISSN={}, 
month={Nov},}

@INPROCEEDINGS{zhaoMPI2019, 
author={T. {Zhao} and S. {Williams} and M. {Hall} and H. {Johansen}}, 
booktitle={submitted to IPDPS '20}, 
title={Pack-Free Stencil Ghost Zone Exchange}, 
year={2019}, 
volume={}, 
number={}, 
ISSN={}, 
month={},}

