# Put your BibTeX entries in this file.

@misc{vampir.eu,
  title = "Vampir",
  author = "GWT-TUD GmbH",
  howpublished = "\url{https://vampir.eu}",
  year = 2020,
  note = "Accessed: 2020-10-15"
}

