@inproceedings{dpct,
author={Jin, Zheming and Vetter, Jeffrey},
booktitle={2021 IEEE International Parallel and Distributed Processing Symposium Workshops (IPDPSW)},
title={Evaluating CUDA Portability with HIPCL and DPCT},
year={2021},
pages={371-376},
doi={10.1109/IPDPSW52791.2021.00065}
}

@inproceedings{reduction,
author = {Jin, Zheming and Vetter, Jeffrey},
title = {Evaluating the Performance of Integer Sum Reduction in SYCL on GPUs},
year = {2021},
isbn = {9781450384414},
publisher = {Association for Computing Machinery},
address = {New York, NY, USA},
url = {https://doi.org/10.1145/3458744.3473360},
doi = {10.1145/3458744.3473360},
booktitle = {50th International Conference on Parallel Processing Workshop},
articleno = {34},
numpages = {8},
keywords = {SYCL, OpenCL, Reduction, GPGPU, CUDA},
location = {Lemont, IL, USA},
series = {ICPP Workshops '21}
}

