@inproceedings{Kim:2017:PHP,
 author = {Kim, Jungwon and Lee, Seyong and Vetter, Jeffrey S.},
 title = {{PapyrusKV}: A High-performance Parallel Key-value Store for Distributed {NVM} Architectures},
 booktitle = {Proceedings of the International Conference for High Performance Computing, Networking, Storage and Analysis},
 series = {SC '17},
 year = {2017},
 location = {Denver, Colorado},
 pages = {57:1--57:14},
 articleno = {57},
 numpages = {14},
}

@inproceedings{Kim:2017:DIP,
 author = {Kim, Jungwon and Sajjapongse, Kittisak and Lee, Seyong and Vetter, Jeffrey S.},
 title = "{Design and Implementation of Papyrus: Parallel Aggregate Persistent Storage}",
 booktitle = "{Proceedings of the 31st IEEE International Parallel and Distributed Processing Symposium}",
 series = {IPDPS '17},
 year = {2017},
 pages = {1151--1162},
}

@inproceedings{Georganas:2014:PDB,
 author = {Georganas, Evangelos and Bulu\c{c}, Aydin and Chapman, Jarrod and Oliker, Leonid and Rokhsar, Daniel and Yelick, Katherine},
 title = "{Parallel De Bruijn Graph Construction and Traversal for De Novo Genome Assembly}",
 booktitle = "{Proceedings of the International Conference for High Performance Computing, Networking, Storage and Analysis}",
 series = {SC '14},
 year = {2014},
 pages = {437--448},
}

@article{Kim:2019:IED,
 author = {Kim, Jungwon Kim and Vetter, Jeffrey S.},
 title = "{Implementing Efficient Data Compression and Encryption in a Persistent Key-value Store for HPC}",
 journal = "{The International Journal of High Performance Computing Applications}",
 volume = {33},
 number = {6},
 pages = {1098-1112},
 year = {2019},
},
