# Put your BibTeX entries in this file.
@misc{supercontainers,
	key = "{S}upercontainers {P}roject {T}eam",
	title = "{Supercontainers Presentation}",
	howpublished = {\url{https://oaciss.uoregon.edu/E4S-Forum19/talks/Younge-E4S.pdf}}
}