# Put your BibTeX entries in this file.

@inproceedings{PortResEuroPar21,
  title = {Towards High Performance Resilience using Performance Portable Abstractions},
  year = {2021},
  author = {Morales, Nicolas and Teranishi, Keita and Nicolae, Bogdan and Trott, Christian and Cappello, Franck},
  booktitle = {EuroParâ€™21: 27th International European Conference on Parallel and Distributed Systems},
  address = {Lisbon, Portugal},
  url = {https://hal.inria.fr/hal-03260432},
  doi = {10.1007/978-3-030-29400-7_4},
  keywords = {Performance Portability, Resilience, Fault Tolerance, Checkpointing, Programming Models}
}
