
@misc{upcxx-site,
  author = {{UPC++ website}},
  title =  {\url{https://upcxx.lbl.gov/}}
}

@TechReport{upcxx-spec,
  author =       "Dan Bonachea and Amir Kamil",
  title =        "{UPC++ v1.0 Specification, Revision 2021.9.0}",
  institution =  {Lawrence Berkeley National Laboratory},
  number =       {LBNL-2001425},
  month =        "September",
  year =         2021,
  doi =          {10.25344/S4XK53},
  note =         {\url{https://doi.org/10.25344/S4XK53}},
  url =          {https://escholarship.org/uc/item/9870n7th},
}

@TechReport{upcxx-guide,
  author =       "John Bachan and Scott B. Baden and Dan Bonachea and Max Grossman and Paul H. Hargrove and Steven Hofmeyr and Mathias Jacquelin and Amir Kamil and Brian van Straalen and Daniel Waters",
  title =        "{UPC++ v1.0 Programmer's Guide, Revision 2021.9.0}",
  institution =  {Lawrence Berkeley National Laboratory},
  number =       {LBNL-2001424},
  month =        "September",
  year =         2021,
  doi =          {10.25344/S4SW2T},
  note =         {\url{https://doi.org/10.25344/S4SW2T}},
  url =          {https://escholarship.org/uc/item/52k9h79s},
}

@inproceedings{pawatm21-upcxx-kokkos,
  author =       "Daniel Waters and Colin A. MacLean and Dan Bonachea and Paul H. Hargrove",
  title =        "Demonstrating {UPC++/Kokkos} Interoperability in a Heat Conduction Simulation (Extended Abstract)",
  month =        "November",
  year =         2021,
  location =     {St. Louis, MO, USA},
  booktitle =    {2021 IEEE/ACM Parallel Applications Workshop, Alternatives To MPI+X (PAW-ATM)},
  numpages =     {5},
  doi =          {10.25344/S4630V},
  note =         {\url{https://doi.org/10.25344/S4630V}},
}

@inproceedings{pawatm21-upcxx-as_eager,
  author =       "Amir Kamil and Dan Bonachea",
  title =        "Optimization of Asynchronous Communication Operations through Eager Notifications",
  month =        "November",
  year =         2021,
  location =     {St. Louis, MO, USA},
  booktitle =    {2021 IEEE/ACM Parallel Applications Workshop, Alternatives To MPI+X (PAW-ATM)},
  numpages =     {10},
  doi =          {10.25344/S42C71},
  note =         {\url{https://doi.org/10.25344/S42C71}},
}

@inproceedings{sc21-upcxx-tutorial,
  author =      "Katherine A. Yelick and Amir Kamil and Damian Rouson and Dan Bonachea and Paul H. Hargrove",
  title =       "{UPC++}: An Asynchronous {RMA/RPC} Library for Distributed {C++} Applications",
  month =       "November",
  year =        2021,
  location =    {St. Louis, MO, USA},
  booktitle =   {International Conference for High Performance Computing, Networking, Storage, and Analysis (SC21)},
  note =        {Half-day tutorial at SC21.  \url{https://go.lbl.gov/sc21}},
}
