# Put your BibTeX entries in this file.
@inproceedings{zfp-jsm2017,
  author = "Peter Lindstrom",
  title = "Error Distributions of Lossy Floating-Point Compressors",
  booktitle = "JSM 2017 Proceedings",
  year = "2017",
  pages = "2574--2589"
}

@inproceedings{zfp-isc2017,
  author = "Stephen Hamilton and Randal Burns and Charles Meneveau and Perry Johnson and Peter Lindstrom and John Patchett and Alexander Szalay",
  title = "Extreme Event Analysis in Next Generation Simulation Architectures",
  booktitle = "ISC High Performance 2017",
  year = "2017",
  pages = "277--293",
  doi = "10.1007/978-3-319-58667-0_15"
}

@article{zfp-sisc2019,
  author = "James Diffenderfer and Alyson Fox and Jeffrey Hittinger and Geoffrey Sanders and Peter Lindstrom",
  title = "Error Analysis of {ZFP} Compression for Floating-Point Data",
  journal = "SIAM Journal on Scientific Computing",
  year = "2019",
  volume = "41",
  number = "3",
  pages = "A1867--A1898",
  doi = "10.1137/18M1168832"
}

@inproceedings{zfp-drbsd2019,
  author = "Dorit Hammerling and Allison Baker and Alexander Pinard and Peter Lindstrom",
  title = "A Collaborative Effort to Improve Lossy Compression Methods for Climate Data",
  booktitle = "5th International Workshop on Data Analysis and Reduction for Big Scientific Data (DRBSD-5)",
  year = "2019",
  month = "Nov",
  doi = "10.1109/DRBSD-549595.2019.00008"
}

@inproceedings{zfp-pdp2020,
  author = "Lennart Noordsij and Steven van der Vlugt and Mohamed Bamakhrama and Zaid Al-Ars and Peter Lindstrom",
  title = "Parallelization of Variable Rate Decompression through Metadata",
  booktitle = "Euromicro International Conference on Parallel, Distributed and Network-based Processing",
  year = "2020",
  month = "Mar",
  pages = "245--252",
  doi = "10.1109/PDP50117.2020.00045"
}

@article{zfp-vis2020,
  author = "Duong Hoang and Brian Summa and Harsh Bhatia and Peter Lindstrom and Pavol Klacansky and Will Usher and Peer-Timo Bremer and Valerio Pascucci",
  title = "Efficient and Flexible Hierarchical Data Layouts for a Unified Encoding of Scalar Field Precision and Resolution",
  journal = "IEEE Transactions on Visualization and Computer Graphics",
  year = "2020",
  note = "To appear",
  doi = "10.1109/TVCG.2020.3030381"
}

@misc{zfp-isc2017-tut,
  author = "Franck Cappello and Peter Lindstrom",
  title = "Compression of scientific data",
  howpublished = "ISC High Performance 2017 Tutorials",
  year = "2017"
}

@misc{zfp-sc2017-tut,
  author = "Franck Cappello and Peter Lindstrom",
  title = "Compression of scientific data",
  howpublished = "IEEE/ACM SC 2017 Tutorials",
  year = "2017"
}

@misc{zfp-ep2018-tut,
  author = "Franck Cappello and Peter Lindstrom",
  title = "Compression for scientific data",
  howpublished = "Euro-Par 2018 Tutorials",
  year = "2018"
}

@misc{zfp-sc2018-tut,
  author = "Franck Cappello and Peter Lindstrom",
  title = "Compression for scientific data",
  howpublished = "IEEE/ACM SC 2018 Tutorials",
  year = "2018"
}

@misc{zfp-isc2019-tut,
  author = "Franck Cappello and Peter Lindstrom",
  title = "Compression for scientific data",
  howpublished = "ISC High Performance 2019 Tutorials",
  year = "2019"
}

@misc{zfp-sc2019-tut,
  author = "Franck Cappello and Peter Lindstrom and Sheng Di",
  title = "Compression for scientific data",
  howpublished = "IEEE/ACM SC 2019 Tutorials",
  year = "2019"
}

@misc{zfp-sc2020-tut,
  author = "Franck Cappello and Peter Lindstrom and Sheng Di",
  title = "Lossy compression for scientific data",
  howpublished = "IEEE/ACM SC 2020 Tutorials",
  year = "2020"
}

@misc{zfp-sc2020-pan,
  author = "Franck Cappello and Peter Lindstrom and Sheng Di and Jon Calhoun and Pascal Grosset and Katrin Heitmann and Allison Baker",
  title = "Lossy Compression for Scientific Data: Success Stories",
  howpublished = "IEEE/ACM SC 2020 Panels",
  year = "2020"
}

@misc{zfp-code,
  author = "Peter Lindstrom and Markus Salasoo and Matt Larsen and Stephen Herbein",
  title = "{\zfp} version 0.5.5",
  year = "2019",
  month = "May",
  note = "\url{https://github.com/LLNL/zfp}"
}

@misc{zfp-docs,
  author = "Peter Lindstrom and Markus Salasoo and Matt Larsen and Stephen Herbein",
  title = "{\zfp} version 0.5.5 documentation",
  year = "2019",
  note = "\url{http://zfp.readthedocs.io/en/release0.5.5/}"
}
