# Put your BibTeX entries in this file.
@inproceedings{Doudali:2017:CTE:3132402.3132418,
 author = {Doudali, Thaleia Dimitra and Gavrilovska, Ada},
 title = {{CoMerge}: Toward Efficient Data Placement in Shared Heterogeneous Memory Systems},
 booktitle = {Proceedings of the International Symposium on Memory Systems},
 series = {MEMSYS '17},
 year = {2017},
 isbn = {978-1-4503-5335-9},
 location = {Alexandria, Virginia},
 pages = {251--261},
 numpages = {11},
 url = {http://doi.acm.org/10.1145/3132402.3132418},
 doi = {10.1145/3132402.3132418},
 acmid = {3132418},
 publisher = {ACM},
 address = {New York, NY, USA},
 keywords = {data tiering, hybrid memory management, shared heterogeneous memory systems},
} 

@inproceedings{Williams:2017:NDH:3145617.3145620,
 author = {Williams, Sean and Ionkov, Latchesar and Lang, Michael},
 title = {{NUMA} Distance for Heterogeneous Memory},
 booktitle = {Proceedings of the Workshop on Memory Centric Programming for HPC},
 series = {MCHPC'17},
 year = {2017},
 isbn = {978-1-4503-5131-7},
 location = {Denver, CO, USA},
 pages = {30--34},
 numpages = {5},
 url = {http://doi.acm.org/10.1145/3145617.3145620},
 doi = {10.1145/3145617.3145620},
 acmid = {3145620},
 publisher = {ACM},
 address = {New York, NY, USA},
} 

@misc{olson2021online,
	title={Online Application Guidance for Heterogeneous Memory Systems}, 
	author={M. Ben Olson and Brandon Kammerdiener and Kshitij A. Doshi and Terry Jones and Michael R. Jantz},
	year={2021},
	eprint={2110.02150},
	archivePrefix={arXiv},
	primaryClass={cs.PF}
}