@misc{SoftwareProductivityWorkshopReport14,
	author = {H. Johansen and L. C. McInnes and D. Bernholdt and J. Carver and M. Heroux and
	R. Hornung and P. Jones and B. Lucas and A. Siegel and T. Ndousse-Fetter},
	title = {{Software Productivity for Extreme-Scale Science}},
	note = {Report on DOE Workshop, January 13-14, 2014, available via \url{http://www.orau.gov/swproductivity2014/SoftwareProductivityWorkshopReport2014.pdf}},
	year = 2014
}

@misc{Anztetal2020,
   author = {A. Abdelfattah and H. Anzt and E. G. Boman and E. Carson and T. Cojean and J. Dongarra and A. Fox and M. Gates and N. J. Higham and X. S. Li and J. Loe and P. Luszczek and S. Pranesh and S. Rajamanickam and T. Ribizel and B. F. Smith and K. Swirydowicz and S. Thomas and S. Tomov and Y. M. Tsai and U. M. Yang},
   title = {{A Survey of Numerical Linear Algebra Methods Utilizing Mixed Precision Arithmetic}},
   note = {{Submitted to International Journal on High Performance Computing}},
   year = 2020
}

@misc{CSESSP16,
	author = {Heroux, M. A. and Allen, G. and others},
	title = {{Computational Science and Engineering Software Sustainability and Productivity ({CSESSP}) Challenges Workshop Report}},
	type = {Report},
	institution = {Networking and Information Technology Research and Development ({NITRD}) Program},
	month = {September},
	year = {2016},
	location = {Arlington, VA},
	url = {Networking and Information Technology Research and Development ({NITRD}) Program},
	note = {available via \url{https://www.nitrd.gov/PUBS/CSESSPWorkshopReport.pdf}}
}
@misc{RuedeWillcoxMcInnesDeSterckEtAl2016AllAuthors,
	author = {Ulrich R\"{u}de and Karen Willcox and Lois Curfman McInnes and Hans {De Sterck} and
	George Biros and Hans Bungartz and James Corones and Evin Cramer
	and James Crowley and Omar Ghattas and Max Gunzburger and Michael Hanke and
	Robert Harrison and Michael Heroux and Jan Hesthaven and Peter Jimack and
	Chris Johnson and Kirk E. Jordan and David E. Keyes and Rolf Krause and Vipin Kumar and
	Stefan Mayer and Juan Meza and Knut Martin M{\o}rken and J. Tinsley Oden and
	Linda Petzold and Padma Raghavan and Suzanne M. Shontz and Anne Trefethen and
	Peter Turner and Vladimir Voevodin and Barbara Wohlmuth and Carol S. Woodward},
	title = {Research and Education in Computational Science and Engineering},
	note = {available via \url{https://arxiv.org/abs/1610.02608}, submitted to {\em SIAM Review}},
	year = {2016}
}

@misc{ASCR-ExascaleRequirementsReview16,
	author = "A. Almgren and P. {DeMar} and J. Vetter and others",
	title = "{{DOE} Exascale Requirements Review for Advanced Scientific Computing Research}",
	note = "U.S. Department of Energy, Office of Science, Advanced Scientific Computing Research, see \url{http://exascaleage.org/ascr/}, Sept 27--29, 2016",
	year = "2016"
}

@misc{xSDK-community-package-policies2019,
	title  = {{xSDK} Community Package Policies},
	author = {{xSDK developers}},
	note   = {version 0.5.0, June 2019,
	\url{https://dx.doi.org/10.6084/m9.figshare.4495136}},
	year   = 2019
}

@techreport{Klinvex-xSDKTrilinos,
	title = {{xSDKTrilinos} User Manual},
	author = {Alicia Marie Klinvex},
	year = 2016,
	number = {SAND2016-3396 O},
	institution = {Sandia}
}

@misc{xSDK-community-installation-policies2019,
	title  = {{xSDK} Community Installation Policies: {GNU Autoconf} and {CMake} Options},
	author = {{xSDK developers}},
	note   = {version 0.5.0, June, 2019, \url{https://dx.doi.org/10.6084/m9.figshare.4495133}},
	year   = 2019
}

@inproceedings{gamblin+:sc15,
 Acceptancerate = {22\%},
 Address = {Austin, Texas},
 Author = {Todd Gamblin and Matthew P. LeGendre and Michael R. Collette and Gregory L. Lee and Adam Moody and Bronis R. de Supinski and W. Scott Futral},
 Booktitle = {Supercomputing 2015 (SC'15)},
 Date-Added = {2015-06-28 22:46:34 +0000},
 Date-Modified = {2015-10-12 16:12:11 +0000},
 Month = {November 15-20},
 Note = {LLNL-CONF-669890},
 Title = {{The Spack Package Manager: Bringing order to HPC software chaos}},
 Url = {http://tgamblin.github.io/pubs/spack-sc15.pdf},
 Year = {2015}}

@misc{alquimia:homepage,
	key = "Alquimia {T}eam",
	title = "{Alquimia {W}eb page}",
	howpublished = {\url{https://bitbucket.org/berkeleylab/alquimia}}
}

@misc{pflotran:homepage,
	key = "{PFLOTRAN} {T}eam",
	title = "{{PFLOTRAN} {W}eb page}",
	howpublished = {\url{http://www.pflotran.org}}
}

@misc{xsdk:homepage,
	key = "{xSDK} {T}eam",
	title = "{{xSDK} {W}eb page}",
	howpublished = {\url{http://xsdk.info}}
}

@misc{gptune:homepage,
    key = "{GPTune}",
    title = "{GPTune}",
    howpublished = {\url{https://github.com/gptune/GPTune}}
}

@misc{xsdk-policies:github,
	key = "{xSDK} {T}eam",
	title = "{{xSDK Community Package Policies}}",
	howpublished = {\url{https://github.com/xsdk-project/xsdk-community-policies}}
}

@misc{xsdk-examples,
	key = "{xSDK} {T}eam",
	title = "{{xSDK Examples}}",
	howpublished = {\url{https://github.com/xsdk-project/xsdk-examples}}
}

@misc{xsdk-policies:homepage,
	key = "{xSDK} {T}eam",
	title = "{{xSDK Community Policies} {W}eb page}",
	howpublished = {\url{http://xsdk.info/policies}}
}

@misc{ecp:homepage,
	author = "{ECP} Team",
	title = "{The {E}xascale {C}omputing {P}roject}",
	howpublished = {\url{https://exascaleproject.org}}
}

@misc{hypre:homepage,
	key = "{hypre} {T}eam",
	title = "{{hypre} {W}eb page}",
	howpublished = {\url{https://computation.llnl.gov/projects/hypre}}
}


% LCM: Omit using this because webpage is provided in other section on PETSc/TAO
misc{petsc:homepage2,
key = "{PETSc/TAO} {T}eam",
title = "{{PETSc/TAO} {W}eb page}",
howpublished = {\url{https://www.mcs.anl.gov/petsc}}
}

@misc{superlu:homepage,
	key = "{SuperLU} {T}eam",
	title = "{{SuperLU} {W}eb page}",
	howpublished = {\url{http://crd-legacy.lbl.gov/~xiaoye/SuperLU}}
}

@misc{trilinos:homepage,
	key = "{Trilinos} {T}eam",
	title = "{{Trilinos} {W}eb page}",
	howpublished = {\url{https://trilinos.org}}
}

@misc{magma:homepage,
	key = "{MAGMA} {T}eam",
	title = "{{MAGMA} {W}eb page}",
	howpublished = {\url{http://icl.utk.edu/magma}}
}

@misc{mfem:homepage,
	key = "{MFEM} {T}eam",
	title = "{{MFEM} {W}eb page}",
	howpublished = {\url{http://mfem.org}}
}

@misc{sundials:homepage,
	key = "{SUNDIALS} {T}eam",
	title = "{{SUNDIALS} {W}eb page}",
	howpublished = {\url{https://computation.llnl.gov/projects/sundials}}
}

@misc{amrex:homepage,
	key = "{AMReX} {T}eam",
	title = "{{AMReX} {W}eb page}",
	howpublished = {\url{https://amrex-codes.github.io/amrex/}}
}

@misc{deal.ii:homepage,
	key = "{deal.ii} {T}eam",
	title = "{{deal.ii} {W}eb page}",
	howpublished = {\url{https://www.dealii.org/}}
}

@misc{DTK:homepage,
	key = "{DTK} {T}eam",
	title = "{{DTK} {W}eb page}",
	howpublished = {\url{https://github.com/ORNL-CEES/DataTransferKit}}
}

@misc{omega_h:homepage,
	key = "{Omega_h} {T}eam",
	title = "{{Omega\_h} {W}eb page}",
	howpublished = {\url{https://github.com/ibaned/omega_h}}
}

@misc{phist:homepage,
	key = "{PHIST} {T}eam",
	title = "{{PHIST} {W}eb page}",
	howpublished = {\url{https://bitbucket.org/essex/phist}}
}

@misc{plasma:homepage,
	key = "{PLASMA} {T}eam",
	title = "{{PLASMA} {W}eb page}",
	howpublished = {\url{https://bitbucket.org/icl/plasma}}
}

@misc{pumi:homepage,
	key = "{PUMI} {T}eam",
	title = "{{PUMI} {W}eb page}",
	howpublished = {\url{https://github.com/SCOREC/core}}
}

@misc{slepc:homepage,
	key = "{SLEPc} {T}eam",
	title = "{{SLEPc} {W}eb page}",
	howpublished = {\url{http://slepc.upv.es/}}
}

@misc{strumpack:homepage,
	key = "{STRUMPACK} {T}eam",
	title = "{{STRUMPACK} {W}eb page}",
	howpublished = {\url{http://portal.nersc.gov/project/sparse/strumpack/}}
}

@misc{tasmanian:homepage,
	key = "{Tasmanian} {T}eam",
	title = "{{Tasmanian} {W}eb page}",
	howpublished = {\url{https://tasmanian.ornl.gov}}
}

@misc{ginkgo:homepage,
	key = "{Ginkgo} {T}eam",
	title = "{{Ginkgo} {W}eb page}",
	howpublished = {\url{https://github.com/ginkgo-project/ginkgo}}
}

@misc{libensemble:homepage,
	key = "{libEnsemble} {T}eam",
	title = "{{libEnsemble} {W}eb page}",
	howpublished = {\url{https://github.com/Libensemble/libensemble}}
}

@misc{precice:homepage,
	key = "{preCICE} {T}eam",
	title = "{{preCICE} {W}eb page}",
	howpublished = {\url{https://www.precice.org}}
}

@misc{butterflypack:homepage,
	key = "{ButterflyPACK} {T}eam",
	title = "{{ButterflyPACK} {W}eb page}",
	howpublished = {\url{https://github.com/liuyangzhuan/ButterflyPACK}}
}
@article{Bartlett:2017:XFT:3148208.3148212,
	author = {Bartlett, Roscoe and Demeshko, Irina and Gamblin, Todd and Hammond, Glenn and Heroux, Michael and Johnson, Jeffrey and Klinvex, Alicia and Li, Xiaoye and McInnes, Lois and Moulton, J. David and Osei-Kuffuor, Daniel and Sarich, Jason and Smith, Barry and Willenbring, James and Yang, Ulrike Meier},
	title = {{xSDK} Foundations: Toward an Extreme-scale Scientific Software Development Kit},
	journal = {Supercomput. Front. Innov.: Int. J.},
	issue_date = {March 2017},
	volume = {4},
	number = {1},
	month = mar,
	year = {2017},
	issn = {2409-6008},
	pages = {69--82},
	numpages = {14},
	url = {https://doi.org/10.14529/jsfi170104},
	doi = {10.14529/jsfi170104},
	acmid = {3148212},
	publisher = {South Ural State University},
	address = {Chelyabinsk, Russia, Russia},
	keywords = {Extreme-scale scientific software development kit, numerical libraries, software interoperability, sustainability, xSDK},
} 

@article{ECP-Solvers,
title = {{Preparing Sparse Solvers for Exascale Computing}},
author = {Hartwig Anzt and Erik Boman and Rob Falgout and Pieter Ghysels and Michael Heroux and Xiaoye Li and Lois Curfman McInnes and Richard Tran Mills and Sivasankaran Rajamanickam and Karl Rupp and Barry Smith and Ichitaro Yamazaki and Ulrike Meier Yang},
journal = {{Philosophical Transactions of the Royal Society A: Mathematical, Physical and Engineering Sciences}},
volume = 378, 
issue = 2166,
day = 20,
month = "January",
year = 2020,
doi = {https://doi.org/10.1098/rsta.2019.0053}
}