# Put your BibTeX entries in this file.
@misc{AWPM2018,
  author = {A. Azad and A. Buluc and X.S. Li and X. Wang and J. Langguth},
  title = {A distributed-memory approximation algorithm for maximum weight
           perfect bipartite matching},
  note = {available via \url{https://arxiv.org/abs/1801.09809}},
  month = {January},
  year = {2018},
}

@inproceedings{LiuTriSolve2018,
   author    = {Y. Liu and M. Jacquelin and P. Ghysels and X.S. Li},
   title     = {Highly scalable distributed-memory sparse triangular
                solution algorithms},
   booktitle = {Proceedings of the SIAM Workshop on Combinatorial
                Scientific Computing},
   address = {Bergen, Norway},
   year = {2018},
   month = {June 6-8, 2018}
}

@proceedings{ghysels2017-ipdps,
   author = {P. Ghysels and C. Gorman and X.S. Li and F.-H. Rouet},
   title = {A robust and scalable preconditioner for indefinite systems using
   hierarchical matrices and randomized sampling},
   booktitle = {{Proceedings of IEEE International Parallel \& Distributed
   Processing Symposium (IPDPS)}},
   month = {May 29 - June 2},
   year = {2017},
   address = {Orlando, USA}
}

@inproceedings{sao2018,
   author    = {P. Sao and R. Vuduc and X.S. Li},
   title     = {A Communication-Avoiding 3D Factorization for Sparse Matrices},
   booktitle = {32nd IEEE International Parallel \& Distributed Processing
     Symposium (IPDPS)},
   address = {Vancouver, Canada},
   year = {2018},
   month = {May 21-25}
}

@inbook{Sptrsv-nvshmem,
author = { Nan Ding  and  Yang Liu  and  Samuel Williams  and  Xiaoye S. Li },
title = {A Message-Driven, Multi-GPU Parallel Sparse Triangular Solver},
booktitle = {Proceedings of the 2021 SIAM Conference on Applied and Computational Di\
screte Algorithms (ACDA21)},
chapter = {},
pages = {147-159},
doi = {10.1137/1.9781611976830.14},
URL = {https://epubs.siam.org/doi/abs/10.1137/1.9781611976830.14},
eprint = {https://epubs.siam.org/doi/pdf/10.1137/1.9781611976830.14}
}

@article{ghyselsSTRUMPACKGPU,
  author={Ghysels, Pieter and Synk, Ryan},
  title={{High performance sparse multifrontal solvers on modern GPUs}},
  journal={Submitted to the Special Issue A: Transitioning Libraries and Applications
  in Parallel Computing},
  year={2021}
}
	
