# Put your BibTeX entries in this file.

@misc{jpsi-spec,
  title   = {{Job API Specification Github Project}},
  note = {\url{https://github.com/ExaWorks/job-api-spec}},
}

@misc{jpsi-python,
  title   = {{J/PSI Python Implementation Github Project}},
  note = {\url{https://github.com/ExaWorks/psi-j-python}},
  }

@misc{sdk-policies,
  title = {{ExaWorks SDK Community Policies}},
  note = {\url{https://github.com/ExaWorks/SDK/blob/master/POLICIES.md}}
 }


@misc{exaworks-survey,
  title   = {{ExaWorks Workflow Survey}},
  note = {\url{https://exaworks.org/documents/ExaWorksSurveyReport.pdf}},
}

 @misc{summit_2,
  author       = {Ferreira da Silva, Rafael and
                  Casanova, Henri and
                  Chard, Kyle and
                  Coleman, Tainã and
                  Laney, Dan and
                  Ahn, Dong and
                  Jha, Shantenu and
                  Howell, Dorran and
                  Soiland-Reys, Stian and
                  Altintas, Ilkay and
                  Thain, Douglas and
                  Filgueira, Rosa and
                  Babuji, Yadu and
                  Badia, Rosa M. and
                  Balis, Bartosz and
                  Caino-Lores, Silvina and
                  Callaghan, Scott and
                  Coppens, Frederik and
                  Crusoe, Michael R. and
                  De, Kaushik and
                  Di Natale, Frank and
                  Do, Tu M. A. and
                  Enders, Bjoern and
                  Fahringer, Thomas and
                  Fouilloux, Anne and
                  Fursin, Grigori and
                  Gaignard, Alban and
                  Ganose, Alex and
                  Garijo, Daniel and
                  Gesing, Sandra and
                  Goble, Carole and
                  Hasan, Adil and
                  Huber, Sebastiaan and
                  Katz, Daniel S. and
                  Leser, Ulf and
                  Lowe, Douglas and
                  Ludaescher, Bertram and
                  Maheshwari, Ketan and
                  Malawski, Maciej and
                  Mayani, Rajiv and
                  Mehta, Kshitij and
                  Merzky, Andre and
                  Munson, Todd and
                  Ozik, Jonathan and
                  Pottier, Loïc and
                  Ristov, Sashko and
                  Roozmeh, Mehdi and
                  Souza, Renan and
                  Suter, Frédéric and
                  Tovar, Benjamin and
                  Turilli, Matteo and
                  Vahi, Karan and
                  Vidal-Torreira, Alvaro and
                  Whitcup, Wendy and
                  Wilde, Michael and
                  Williams, Alan and
                  Wolf, Matthew and
                  Wozniak, Justin},
  title        = {{Workflows Community Summit: Advancing the State- 
                   of-the-art of Scientific Workflows Management
                   Systems Research and Development}},
  month        = jun,
  year         = 2021,
  publisher    = {Zenodo},
  doi          = {10.5281/zenodo.4915801},
  url          = {https://doi.org/10.5281/zenodo.4915801}
}

@misc{summit_1,
  author       = {Ferreira da Silva, Rafael and
                  Casanova, Henri and
                  Chard, Kyle and
                  Laney, Dan and
                  Ahn, Dong and
                  Jha, Shantenu and
                  Goble, Carole and
                  Ramakrishnan, Lavanya and
                  Peterson, Luc and
                  Enders, Bjoern and
                  Thain, Douglas and
                  Altintas, Ilkay and
                  Babuji, Yadu and
                  Badia, Rosa and
                  Bonazzi, Vivien and
                  Coleman, Taina and
                  Crusoe, Michael and
                  Deelman, Ewa and
                  Di Natale, Frank and
                  Di Tommaso, Paolo and
                  Fahringer, Thomas and
                  Filgueira, Rosa and
                  Fursin, Grigori and
                  Ganose, Alex and
                  Gruning, Bjorn and
                  Katz, Daniel S. and
                  Kuchar, Olga and
                  Kupresanin, Ana and
                  Ludascher, Bertram and
                  Maheshwari, Ketan and
                  Mattoso, Marta and
                  Mehta, Kshitij and
                  Munson, Todd and
                  Ozik, Jonathan and
                  Peterka, Tom and
                  Pottier, Loic and
                  Randles, Tim and
                  Soiland-Reyes, Stian and
                  Tovar, Benjamin and
                  Turilli, Matteo and
                  Uram, Thomas and
                  Vahi, Karan and
                  Wilde, Michael and
                  Wolf, Matthew and
                  Wozniak, Justin},
  title        = {{Workflows Community Summit: Bringing the 
                   Scientific Workflows Community Together}},
  month        = mar,
  year         = 2021,
  publisher    = {Zenodo},
  doi          = {10.5281/zenodo.4606958},
  url          = {https://doi.org/10.5281/zenodo.4606958}
}
