
@article{HeYa2002,
   author    = {V.~Henson and U.~Yang},
   title     = {{BoomerAMG}: a Parallel Algebraic Multigrid Solver and Preconditioner},
   journal   = {Applied Numerical Mathematics},
   volume    = {41},
   pages     = {155--177},
   year      = {2002}
   }

@article{AsFa1996,
  author =      "S.~F.~Ashby and R.~D.~Falgout",
  title =       "A Parallel Multigrid Preconditioned Conjugate Gradient Algorithm for Groundwater Flow Simulations",
  journal =     "Nuclear Science and Engineering",
  month =       "September",
  volume =      "124",
  number =      "1",
  pages =       "145--159",
  note =        "UCRL-JC-122359",
  year =        "1996"
  }

@incollection{hypre_design_impl_2006,
  author =      "R.~D.~Falgout and J.~E.~Jones and U.~M.~Yang",
  title =       "The Design and Implementation of {\sl hypre}, a Library
                 of Parallel High Performance Preconditioners",
  booktitle =   "Numerical Solution of Partial Differential Equations
                 on Parallel Computers",
  series =      "Lecture Notes in Computational Science and Engineering",
  publisher =   "Springer-Verlag",
  editor =      "A.~M.~Bruaset and A.~Tveito",
  volume =      "51",
  note =        "UCRL-JRNL-205459",
  chapter =     "8",
  pages =       "267--294",
  year =        "2006"
  }

@article{LiSY2020,
  author =      "R.~Li and B.~Sjogreen and U.~M.~Yang",
  title =       "A New Class of AMG Interpolation Operators Based on Matrix-Matrix Operations",
  note =        "Submitted to SIAM Journal on Scientific Computing",
  year =        "2020"
  }
