# Put your BibTeX entries in this file.
@misc{SUNDIALSweb,
  author = {{SUNDIALS} {P}roject {T}eam},
  title = {{SUNDIALS} {W}eb Page},
  howpublished = {\url{http://computation.llnl.gov/projects/sundials}}
}

@article{balosEnablingGPUAccelerated2021,
  title = {Enabling {{GPU}} Accelerated Computing in the {{SUNDIALS}} Time Integration Library},
  author = {Balos, Cody J. and Gardner, David J. and Woodward, Carol S. and Reynolds, Daniel R.},
  year = {2021},
  month = dec,
  volume = {108},
  pages = {102836},
  issn = {01678191},
  doi = {10.1016/j.parco.2021.102836},
  journal = {Parallel Computing},
  language = {en}
}
