# Put your BibTeX entries in this file.
@inproceedings{beazley1996swig,
  title={{SWIG}: An Easy to Use Tool for Integrating Scripting Languages with {C} and {C++}.},
  author={Beazley, David M and others},
  booktitle={4th Conference on USENIX Tcl/Tk Workshop},
  year={1996}
}
