# Put your BibTeX entries in this file.
@inproceedings{FLiT2017,
  title={{FLiT}: Cross-platform floating-point result-consistency tester and workload},
  author={Geoffrey Sawaya and Michael Bentley and Ian Briggs and Ganesh Gopalakrishnan and Dong H. Ahn},
  booktitle={2017 IEEE International Symposium on Workload Characterization (IISWC)},
  year={2017},
  pages={229-238}
}

@inproceedings{swordopenmp2018,
  author = {Simone Atzeni and Ganesh Gopalakrishnan and Zvonimir Rakamari\'c and
     Ignacio Laguna and Greg L. Lee and Dong H. Ahn},
  title = {Sword: A Bounded Memory-Overhead Detector of {OpenMP} Data Races in
    Production Runs},
  booktitle = {Proceedings of the 32nd IEEE International Parallel and
    Distributed Processing Symposium ({IPDPS})},
  publisher = {IEEE},
  year = {2018},
  note = {To appear}
}

@inproceedings{pmodelconcurrency2018,
  title={Thread-Local Concurrency: A Technique to Handle Data Race Detection at Programming Model Abstraction},
  author = {Joachim Protze, Martin Schulz, Dong H. Ahn and Matthias S. Muller},
  booktitle={ACM Symposium on High-Performance Parallel and Distributed Computing (HPDC 2018)},
  year = {2018},
  note = {To appear}
}


@inproceedings{Ahn:2014:Flux,
	Author = {Dong H. Ahn and Jim Garlick and Mark Grondona and Don Lipari and Becky Springmeyer and Martin Schulz},
	Booktitle = {Proceedings of the 10th International Workshop on Scheduling and Resource Management for Parallel and Distributed Systems},
	Location = {Minneapolis, MN, USA},
	Month = {September},
	Title = {Flux: A Next-Generation Resource Management Framework for {Large} HPC Centers},
	Year = 2014}

@inproceedings{SLURM,
	Author = {Yoo, Andy B. and Jette, Morris A. and Grondona, Mark},
	Booktitle = {Proceedings of the 9th International Workshop on Job Scheduling Strategies for Parallel Processing (JSSPP)},
	Month = {June},
	Title = {{SLURM}: Simple Linux Utility for Resource Management},
	Year = 2003}

@misc{MOAB,
	Howpublished = {\url{http://www.adaptivecomputing.com/}},
	Note = {Retrieved April 03, 2017},
	Title = {The {Moab} Workload Manager},
	Year = 2017}

@misc{LSF,
	Howpublished = {\url{https://www.ibm.com/}},
	Note = {Retrieved April 03, 2017},
	Title = {{IBM} Spectrum {LSF}},
	Year = 2017}

@misc{PBSPro,
	Howpublished = {\url{https://github.com/PBSPro/pbspro}},
	Note = {Retrieved August 8, 2018},
	Organization = {Altair},
	Title = {{PBSPro: An HPC workload manager and job scheduler for desktops, clusters, and clouds}},
	Year = 2018}

@inproceedings{FluxSC18,
	Author = {Dong H. Ahn and Ned Bass and Albert Chu and Jim Garlick and Mark Grondona and Stephen Herbein and Joseph Koning and Tapasya Patki and Thomas R. W. Scogland and Becky Springmeyer},
	Booktitle = {Proceedings of the 13th Workshop on Workflows in Support of Large-Scale Science},
	Location = {Dallas, Texas},
	Series = {WORKS '18},
	Title = {Flux: Overcoming Scheduling Challenges for Exascale Workflows},
	Year = {2018}}


@String{IJNMF={Int. J. Numer. Meth. Fluids}}
@String{JCP  ={J. Comput. Phys.}}
@String{SISC={SIAM J. Sc. Comp.}}

@misc{MFEM,
key       = "MFEM",
title     = {{MFEM}: Modular Finite Element Methods Library},
howpublished = {\url{mfem.org}},
doi = {10.11578/dc.20171025.1248}
}

@misc{BLAST,
key        = "BLAST",
title      = "{BLAST}: {H}igh-order finite element {L}agrangian hydrocode",
note       = "{\url{https://computation.llnl.gov/projects/blast}}"
}

@article{BLAST18,
author = "R. W. Anderson and V. A. Dobrev and T. V. Kolev and R. N. Rieben and V. Z. Tomov",
title  = "High-Order Multi-Material {ALE} Hydrodynamics",
journal = SISC,
volume  = "40",
number  = "1",
pages   = "B32--B58",
year    = "2018"
}

@article{BLASTFCT18,
author = "V. A. Dobrev and T. V. Kolev and D. Kuzmin and R. N. Rieben and V. Z. Tomov",
title  = "Sequential limiting in continuous and discontinuous {G}alerkin methods for the {E}uler equations",
journal = JCP,
volume  = "356",
pages   = "372--390",
year    = "2018"
}

@article{BLASTFCT17,
author = "R. W. Anderson and V. A. Dobrev and T. V. Kolev and D. Kuzmin and M. Quezada de Luna and R. N. Rieben and V. Z. Tomov",
title  = "High-Order Local Maximum Principle Preserving {(MPP)} Discontinuous {G}alerkin Finite Element Method for the Transport Equation",
journal = JCP,
volume  = "334",
pages   = "102--124",
year    = "2017"
}

@article{BLAST16,
author = "V. A. Dobrev and T. V. Kolev and R. N. Rieben and V. Z. Tomov",
title  = "Multi-material closure model for high-order finite element
          {L}agrangian hydrodynamics",
journal = IJNMF,
volume  = "82",
number  = "10",
pages   = "689-706",
year    = "2016"
}

@article{BLAST14,
author  = "V. A. Dobrev and T. V. Kolev and R. N. Rieben",
title   = "High order curvilinear finite elements for elastic--plastic
           {L}agrangian dynamics",
journal = JCP,
volume  = "257, Part B",
number  = "",
pages   = "1062 - 1080",
year    = "2014"
}

@article{BLAST13,
author  = "V. A. Dobrev and T. E. Ellis and Tz. V. Kolev and R. N. Rieben",
title   = "High-Order Curvilinear Finite Elements for Axisymmetric
           {L}agrangian Hydrodynamics",
journal = "Computers and Fluids",
year    = "2013",
pages   = "58-69",
volume  = "83",
}

@article{BLAST12,
author  = "V. A. Dobrev and T. V. Kolev and R. N. Rieben",
title   = "High-Order Curvilinear Finite Element Methods for
           {L}agrangian Hydrodynamics",
journal = SISC,
volume  = {34},
number  = {5},
pages   = {B606-B641},
year    = {2012}
}

@article{BLAST11,
author  =  "V. A. Dobrev and T. E. Ellis and Tz. V. Kolev and R. N. Rieben",
title   =  "Curvilinear finite elements for {L}agrangian hydrodynamics",
journal = IJNMF,
volume  = {65},
number  = {11-12},
pages   = {1295--1310},
year    = {2011},
}


@misc{mendoza:jupyterhub-ssl,
	Author = {Thomas Mendoza},
	Date-Added = {2018-12-15 13:31:20 -0800},
	Date-Modified = {2018-12-15 13:32:41 -0800},
	Howpublished = {{Online, GitHub}},
	Month = {July},
	Title = {{Pull Request to JupyterHub: End-to-end SSL (merged)}},
	Url = {https://github.com/jupyterhub/jupyterhub/pull/2055},
	Year = {2018}}

@inproceedings{gamblin+:sc18-spack-bof,
	Address = {Dallas, TX},
	Author = {Todd Gamblin and Adam Stewart and Johannes Albert-von der G\"{o}nna an Marc P\'{e}rache and Matt Belhorn},
	Booktitle = {{Supercomputing 2018}},
	Date-Added = {2018-12-15 13:23:39 -0800},
	Date-Modified = {2018-12-15 13:25:11 -0800},
	Month = {November 13},
	Title = {{Spack Community Birds-of-a-Feather Session}},
	Year = {2018},
	Bdsk-Url-1 = {http://spack.readthedocs.io/en/latest/tutorial_sc16.html}}

@inproceedings{gamblin+:sc18-spack-tutorial,
	Address = {Dallas, TX},
	Author = {Todd Gamblin and Gregory Becker and Massimiliano Culpo and Gregory L. Lee and Matt Legendre and Mario Melara and Adam J. Stewart},
	Booktitle = {{Supercomputing 2018}},
	Date-Added = {2018-12-15 13:23:31 -0800},
	Date-Modified = {2018-12-15 13:23:31 -0800},
	Month = {November 12},
	Note = {Full day},
	Title = {{Tutorial: Managing HPC Software Complexity with Spack}},
	Url = {https://spack.readthedocs.io/en/latest/tutorial.html},
	Year = {2018},
	Bdsk-Url-1 = {http://spack.readthedocs.io/en/latest/tutorial_sc16.html}}

@inproceedings{gamblin+:sc17-spack-tutorial,
	Address = {Salt Lake City, Utah},
	Author = {Todd Gamblin and Gregory Becker and Massimiliano Culpo and Gregory L. Lee and Matt Legendre and Mario Melara and Adam J. Stewart},
	Booktitle = {{Supercomputing 2017}},
	Date-Added = {2018-04-16 07:44:22 +0000},
	Date-Modified = {2018-04-16 07:44:22 +0000},
	Month = {November 13},
	Note = {Full day},
	Title = {{Tutorial: Managing HPC Software Complexity with Spack}},
	Url = {https://spack.readthedocs.io/en/latest/tutorial.html},
	Year = {2017},
	Bdsk-Url-1 = {http://spack.readthedocs.io/en/latest/tutorial_sc16.html}}

@inproceedings{gamblin+:sc16-spack-tutorial,
	Address = {Salt Lake City, Utah},
	Author = {Todd Gamblin and Massimiliano Culpo and Gregory Becker and Matt Legendre and Greg Lee and Elizabeth Fischer and Benedikt Hegner},
	Booktitle = {{Supercomputing 2016}},
	Date-Added = {2018-04-16 07:44:22 +0000},
	Date-Modified = {2018-04-16 07:44:22 +0000},
	Month = {November 13},
	Note = {Half day},
	Title = {{Tutorial: Managing HPC Software Complexity with Spack}},
	Url = {https://spack.readthedocs.io/en/latest/tutorial.html},
	Year = {2016},
	Bdsk-Url-1 = {http://spack.readthedocs.io/en/latest/tutorial_sc16.html}}

@manual{gamblin+:llnl-spack-tutorial-17,
	Address = {Lawrence Livermore National Laboratory, Livermore, CA},
	Author = {Gregory Becker and Matt Legendre and Todd Gamblin},
	Date-Added = {2018-04-16 07:44:22 +0000},
	Date-Modified = {2018-04-16 07:44:22 +0000},
	Institution = {LLNL},
	Month = {April 6},
	Note = {Half day},
	Organization = {Livermore Computing},
	Title = {{Tutorial: Spack for HPC}},
	Year = {2017}}

@inproceedings{gamblin+:ecp18-spack-tutorial,
	Address = {Knoxville, TN},
	Author = {Todd Gamblin and Gregory Becker and Peter Scheibel and Matt Legendre and Mario Melara},
	Booktitle = {{Exascale Computing Project 2nd Annual Meeting}},
	Date-Added = {2018-04-16 07:44:22 +0000},
	Date-Modified = {2018-04-16 07:44:22 +0000},
	Month = {February 6-8},
	Note = {Half day},
	Title = {{Managing HPC Software Complexity with Spack}},
	Year = {2018}}

@inproceedings{gamblin:hpckp17,
	Address = {San Sebasti{\'a}n, Spain},
	Author = {Todd Gamblin},
	Booktitle = {{HPC Knowledge Meeting (HPCKP'17)}},
	Date-Added = {2018-04-16 07:44:22 +0000},
	Date-Modified = {2018-04-16 07:44:22 +0000},
	Month = {June 16},
	Note = {2 hours},
	Title = {{Tutorial: Managing HPC Software Complexity with Spack}},
	Url = {http://www.hpckp.org/index.php/conference/2017/170-managing-hpc-software-complexity-with-spack},
	Year = {2017},
	Bdsk-Url-1 = {http://spack.readthedocs.io/en/latest/tutorial_sc16.html}}


@inproceedings{gamblin+:ecp19-spack-tutorial,
Address = {Houston, TX},
Author = {Todd Gamblin and Gregory Becker and Peter Scheibel and Matt Legendre and Mario Melara},
Booktitle = {{Exascale Computing Project 3nd Annual Meeting}},
Date-Added = {2019-02-06 23:46:27 -0800},
Date-Modified = {2019-02-06 23:46:27 -0800},
Month = {January 14},
Note = {Full day},
Title = {{Managing HPC Software Complexity with Spack}},
Year = {2019}}

@inproceedings{gamblin+:ecp19-spack-roundtable,
Address = {Houston, TX},
Author = {Todd Gamblin and Gregory Becker and Matthew P. LeGendre and Peter Scheibel},
Booktitle = {{Exascale Computing Project 3nd Annual Meeting}},
Date-Added = {2019-02-05 13:35:40 -0800},
Date-Modified = {2019-02-05 13:35:40 -0800},
Month = {January 16},
Title = {{Spack Roundtable Discussion}},
Year = {2019}}

@inproceedings{gamblin+:ecp18-spack-sotu,
Address = {Knoxville, TN},
Author = {Todd Gamblin and William Scullin and Matt Belhorn and Mario Melara and Gerald Ragghianti},
Booktitle = {{Exascale Computing Project 2nd Annual Meeting}},
Date-Added = {2019-02-05 13:35:40 -0800},
Date-Modified = {2019-02-05 13:35:40 -0800},
Month = {February 6-8},
Title = {{Spack State of the Union}},
Year = {2018}}

@inproceedings{melara+:cug17,
	Address = {Seattle, WA},
	Author = {Mario Melara and Todd Gamblin and Gregory Becker and Robert French and Matt Belhorn and Kelly Thompson and Peter Scheibel and Rebecca Hartman-Baker},
	Booktitle = {Cray Users Group (CUG 2017)},
	Date-Added = {2018-04-16 07:43:27 +0000},
	Date-Modified = {2018-04-16 07:43:27 +0000},
	Month = {May 7-11},
	Title = {{Using Spack to Manage Software on Cray Supercomputers}},
	Year = {2017}}

@inproceedings{becker+:hust16,
	Address = {Salt Lake City, UT},
	Author = {Gregory Becker and Peter Scheibel and Matthew P. LeGendre and Todd Gamblin},
	Booktitle = {Second International Workshop on HPC User Support Tools (HUST'16)},
	Date-Added = {2018-04-16 07:43:27 +0000},
	Date-Modified = {2018-04-16 07:43:27 +0000},
	Keywords = {LLNL-CONF-701389},
	Month = {November 13},
	Title = {{Managing Combinatorial Software Installations with Spack}},
	Year = {2016}}

@inproceedings{gamblin:eb-user-meeting18,
	Address = {Amsterdam, The Netherlands},
	Author = {Todd Gamblin},
	Booktitle = {Easybuild User Meeting},
	Date-Added = {2018-04-16 07:41:54 +0000},
	Date-Modified = {2018-04-16 07:41:54 +0000},
	Month = {January 30},
	Title = {{Recent developments in Spack}},
	Year = {2018}}

@inproceedings{gamblin:ecp18-spack-sotu,
	Address = {Knoxville, TN},
	Author = {Todd Gamblin},
	Booktitle = {{Exascale Computing Project 2nd Annual Meeting}},
	Date-Added = {2018-04-16 07:41:54 +0000},
	Date-Modified = {2018-04-16 07:41:54 +0000},
	Month = {February 6-8, 2018},
	Note = {LLNL-PRES-746210},
	Title = {{Spack State of the Union}},
	Year = {2018}}

@inproceedings{gamblin:fosdem18-binary,
	Address = {Brussels, Belgium},
	Author = {Todd Gamblin},
	Booktitle = {{Free and Open source Software Developers' European Meeting (FOSDEM'18)}},
	Date-Added = {2018-04-16 07:41:54 +0000},
	Date-Modified = {2018-04-16 07:41:54 +0000},
	Month = {February 4},
	Note = {LLNL-PRES-745747},
	Title = {{Binary packaging for HPC with Spack}},
	Url = {https://fosdem.org/2018/schedule/event/llnl_spack/},
	Year = {2018},
	Bdsk-Url-1 = {https://fosdem.org/2018/schedule/event/llnl_spack/}}

@inproceedings{gamblin:fosdem18-compilers,
	Address = {Brussels, Belgium},
	Author = {Todd Gamblin},
	Booktitle = {{Free and Open source Software Developers' European Meeting (FOSDEM'18)}},
	Date-Added = {2018-04-16 07:41:54 +0000},
	Date-Modified = {2018-04-16 07:41:54 +0000},
	Month = {February 3},
	Note = {LLNL-PRES-745770},
	Title = {{How compilers affect dependency resolution in Spack}},
	Url = {https://fosdem.org/2018/schedule/event/spack/},
	Year = {2018},
	Bdsk-Url-1 = {https://fosdem.org/2018/schedule/event/spack/}}

@inproceedings{gamblin:pp18-spack,
	Address = {Tokyo, Japan},
	Author = {Todd Gamblin},
	Booktitle = {{SIAM Conference on Parallel Processing for Scientific Computing (PP'18)}},
	Date-Added = {2018-04-16 07:41:54 +0000},
	Date-Modified = {2018-04-16 07:41:54 +0000},
	Month = {March 7},
	Series = {Minisymposium on Productive Programming using Parallel Models, Tools and Scientific Workflows},
	Title = {{Decluttering HPC Software Chaos with SPACK}},
	Year = {2018}}


@inproceedings{stewart+:sc19-spack-bof,
	Address = {Denver, CO},
	Author = {Adam J. Stewart and Massimiliano Culpo and Gregory Becker and Peter Scheibel and Todd Gamblin},
	Booktitle = {{Supercomputing 2019}},
	Date-Added = {2019-11-02 14:29:40 -0700},
	Date-Modified = {2019-11-02 14:35:15 -0700},
	Month = {November 21},
	Title = {{Spack Community BoF}},
	Url = {https://sc19.supercomputing.org/session/?sess=sess310},
	Year = {2019}}

@inproceedings{gamblin+:sc19-spack-tutorial,
	Address = {Denver, CO},
	Author = {Todd Gamblin and Gregory Becker and Massimiliano Culpo and Mario Melara and Peter Scheibel and Adam J. Stewart},
	Booktitle = {{Supercomputing 2019}},
	Date-Added = {2019-11-02 14:32:27 -0700},
	Date-Modified = {2019-11-02 14:32:27 -0700},
	Month = {November 18},
	Note = {Full day},
	Title = {{Tutorial: Managing HPC Software Complexity with Spack}},
	Url = {https://spack.readthedocs.io/en/latest/tutorial.html},
	Year = {2019},
	Bdsk-Url-1 = {http://spack.readthedocs.io/en/latest/tutorial_sc16.html}}

@inproceedings{gamblin+:lanl-spack-tutorial-2019,
	Address = {Los Alamos, NM},
	Author = {Todd Gamblin and Gregory Becker},
	Booktitle = {{Los Alamos National Laboratory}},
	Date-Added = {2019-11-02 14:27:58 -0700},
	Date-Modified = {2019-11-02 14:33:16 -0700},
	Month = {November 5},
	Note = {Full day},
	Title = {{Tutorial: Spack for Developers}},
	Url = {https://spack.readthedocs.io/en/latest/tutorial.html},
	Year = {2019},
	Bdsk-Url-1 = {http://spack.readthedocs.io/en/latest/tutorial_sc16.html}}

@inproceedings{gamblin+:doe-nsf-spack-tutorial,
	Address = {Eugene, OR},
	Author = {Todd Gamblin and Gregory Becker},
	Booktitle = {{1st Workshop on NSF and DOE High Performance Computing Tools}},
	Date-Added = {2019-11-02 14:21:21 -0700},
	Date-Modified = {2019-11-02 14:22:17 -0700},
	Month = {July 10-11},
	Organization = {{University of Oregon}},
	Title = {{Spack Tutorial}},
	Year = {2019}}

@inproceedings{baber+:pearc19-spack-tutorial,
	Address = {Chicago, IL},
	Author = {Levi Baber and Adam J. Stewart and Gregory Becker and Todd Gamblin},
	Booktitle = {{Practice and Experience in Advanced Research Computing (PEARC'19)}},
	Date-Added = {2019-11-02 14:23:57 -0700},
	Date-Modified = {2019-11-02 14:34:53 -0700},
	Month = {July 31},
	Note = {Half day},
	Title = {{Tutorial: Managing HPC Software Complexity with Spack}},
	Year = {2019}}

@inproceedings{gamblin+:isc19-spack-tutorial,
	Address = {Houston, TX},
	Author = {Todd Gamblin and Gregory Becker and Massimiliano Culpo and Michael K\"{u}hn},
	Booktitle = {{ISC High Performance}},
	Date-Added = {2019-11-02 14:22:33 -0700},
	Date-Modified = {2019-11-02 14:31:52 -0700},
	Month = {June 16},
	Note = {Half day},
	Title = {{Tutorial: Managing HPC Software Complexity with Spack}},
	Year = {2019}}

@article{mfem_paper_2020,
  title = {{MFEM}: A Modular Finite Element Library},
  author = {R. Anderson and J. Andrej and A. Barker and J. Bramwell and J.-S. Camier and
            J. Cerveny V. Dobrev and Y. Dudouit and A. Fisher and Tz. Kolev and W. Pazner and
            M. Stowell and V. Tomov and I. Akkerman and J. Dahm and D. Medina and S. Zampini},
  journal = {Computers \& Mathematics with Applications},
  doi = {10.1016/j.camwa.2020.06.009},
  year = {2020}}

