@inproceedings{barua2019ompsan,
  title={OMPSan: static verification of OpenMPâ€™s data mapping constructs},
  author={Barua, Prithayan and Shirako, Jun and Tsang, Whitney and Paudel, Jeeva and Chen, Wang and Sarkar, Vivek},
  booktitle={International Workshop on OpenMP},
  pages={3--18},
  year={2019},
  organization={Springer}
}

@inproceedings{barua2020ompmemopt,
  title={OmpMemOpt: Optimized Memory Movement for Heterogeneous Computing},
  author={Barua, Prithayan and Zhao, Jisheng and Sarkar, Vivek},
  booktitle={European Conference on Parallel Processing},
  pages={200--216},
  year={2020},
  organization={Springer}
}

@inproceedings{yu2021arbalest,
  title={ARBALEST: Dynamic Detection of Data Mapping Issues in Heterogeneous OpenMP Applications},
  author={Yu, Lechen and Protze, Joachim and Hernandez, Oscar and Sarkar, Vivek},
  booktitle={2021 IEEE International Parallel and Distributed Processing Symposium (IPDPS)},
  pages={464--474},
  year={2021},
  organization={IEEE}
}

@inproceedings{yu2020study,
  title={A Study of Memory Anomalies in OpenMP Applications},
  author={Yu, Lechen and Protze, Joachim and Hernandez, Oscar and Sarkar, Vivek},
  booktitle={International Workshop on OpenMP},
  pages={328--342},
  year={2020},
  organization={Springer}
}

@inproceedings{atzeni2016archer,
  title={ARCHER: effectively spotting data races in large OpenMP applications},
  author={Atzeni, Simone and Gopalakrishnan, Ganesh and Rakamaric, Zvonimir and Ahn, Dong H and Laguna, Ignacio and Schulz, Martin and Lee, Gregory L and Protze, Joachim and M{\"u}ller, Matthias S},
  booktitle={2016 IEEE international parallel and distributed processing symposium (IPDPS)},
  pages={53--62},
  year={2016},
  organization={IEEE}
}

    @INPROCEEDINGS{OpenMPEncoding,
    title={{Efficient Execution of OpenMP on GPUs}},
    booktitle={{Code Generation and Optimizations (CGO)}},
    author={{J. Huber, M. Cornelius, G. Georgakoudis, S. Tian, J. Diaz, K. Dinel, B. Chapman, \underline{J. Doerfert}}},
    year=2022,
    pubstate={toappear},
  }
  @INPROCEEDINGS{NewOpenMPRT,
    title={{Co-Designing an OpenMP GPU Runtime and Optimizations for Near-Zero Overhead Execution}},
    booktitle={{International Parallel Distributed Processing Symposium (IPDPS)}},
    year=2022,
    author={{\underline{J. Doerfert}, A. Patel, S. Tian, J. Huber, J. Diaz, B. Chapman, G. Georgakoudis}},
    pubstate={toappear},
  }
  
  @inproceedings{RS_Tramm_2014,
  author="Tramm, John R. and Siegel, Andrew R. and Forget, Benoit and Josey, Colin",
  title="Performance Analysis of a Reduced Data Movement Algorithm for Neutron Cross Section Data in Monte Carlo Simulations",
  booktitle = {{EASC} 2014 - Solving Software Challenges for Exascale},
  address = {Stockholm},
  year = "2014",
  url = "https://doi.org/10.1007/978-3-319-15976-8_3"
  }
  
  @inproceedings{XS_Tramm_2014,
  author = {Tramm, John R and Siegel, Andrew R and Islam, Tanzima and Schulz, Martin},                                                                                                                                                                         
  title = {{XSBench} - The Development and Verification of a Performance Abstraction for {M}onte {C}arlo Reactor Analysis},        
  booktitle = {{PHYSOR} 2014 - The Role of Reactor Physics toward a Sustainable Future},        
  address = {Kyoto},        
  year = 2014,        
  url = "https://www.mcs.anl.gov/papers/P5064-0114.pdf"        
  }
  
  @article{romano2013openmc,
    title={The OpenMC monte carlo particle transport code},
    author={Romano, Paul K and Forget, Benoit},
    journal={Annals of Nuclear Energy},
    volume={51},
    pages={274--281},
    year={2013},
    publisher={Elsevier}
  }

