@Misc{sollvevvgithub,
   howpublished = "\url{https://github.com/SOLLVE/sollve_vv/}",
   title = "SOLLVE OpenMP Validation and Verification Testsuite.",
   year = "2019.",
}

@Misc{sollvevvwebsite,
   howpublished = "\url{https://crpl.cis.udel.edu/ompvvsollve/}",
   title = "SOLLVE OpenMP Validation and Verification Website.",
   year = "2019",
}
