@Misc{GNUPth,
  title =        "{GNU} Portable Threads ({Pth})",
  author =       "Ralf S. Engelschall",
  howpublished = "\url{http://www.gnu.org/software/pth}",
  year =         "1999",
}

@InProceedings{PLDI97_Taura,
  author =       "K. Taura and Akinori Yonezawa",
  booktitle =    "PLDI",
  pages =        "320--333",
  title =        "Fine-grain Multithreading with Minimal Compiler
                 Support -- a Cost Effective Approach to Implementing
                 Efficient Multithreading Languages",
  year =         "1997",
}

@InProceedings{COSET05_Thibault,
  author =       "S. Thibault",
  booktitle =    "COSET",
  title =        "A Flexible Thread Scheduler for Hierarchical
                 Multiprocessor Machines",
  year =         "2005",
}

@InCollection{COB14_Nakashima,
  author =       "J. Nakashima and Kenjiro Taura",
  booktitle =    "Concurrent Objects and Beyond",
  pages =        "222--238",
  title =        "{MassiveThreads}: {A} Thread Library for High
                 Productivity Languages",
  year =         "2014",
  publisher = "Springer",
}

@InProceedings{MTAAP08_Wheeler,
  author =       "K. B. Wheeler and Richard C. Murphy and Douglas
                 Thain",
  booktitle =    "MTAAP",
  title =        "Qthreads: An {API} for Programming with Millions of
                 Lightweight Threads",
  year =         "2008",
}

@InProceedings{PPoPP99_Taura,
  author =       "K. Taura and Kunio Tabata and Akinori Yonezawa",
  booktitle =    "PPPoP",
  pages =        "60--71",
  title =        "{StackThreads/MP}: Integrating Futures into Calling
                 Standards",
  year =         "1999",
}

@InProceedings{SenSys06_Dunkels,
  author =       "A. Dunkels and Oliver Schmidt and Thiemo Voigt and
                 Muneeb Ali",
  booktitle =    "SenSys",
  pages =        "29--42",
  title =        "Protothreads: Simplifying Event-driven Programming of
                 Memory-constrained Embedded Systems",
  year =         "2006",
}

@Article{TBB1,
  title =        "Intel{\textregistered} threading building blocks",
  author =       "Chuck Pheatt",
  journal =      "Journal of Computing Sciences in Colleges",
  volume =       "23",
  number =       "4",
  pages =        "298--298",
  year =         "2008",
  publisher =    "Consortium for Computing Sciences in Colleges",
}

@InProceedings{EuroPar08_Perache,
  author =       "M. P{\'e}rache and Herv{\'e} Jourdren and Raymond
                 Namyst",
  booktitle =    "EuroPar",
  pages =        "78--88",
  title =        "{MPC}: {A} Unified Parallel Runtime for Clusters of
                 {NUMA} Machines",
  year =         "2008",
}

@InProceedings{ATC02_Adya,
  author =       "A. Adya and Jon Howell and Marvin Theimer and William
                 J. Bolosky and John R. Douceur",
  booktitle =    "ATC",
  title =        "Cooperative Task Management without Manual Stack
                 Management",
  year =         "2002",
}

@book{SolarisThreads,
  title =        "Solaris multithreaded programming guide",
  author =       "CORPORATE SunSoft",
  year =         "1995",
  publisher =    "Prentice-Hall, Inc.",
}

@InProceedings{SOSP03_von_Behren,
  author =       "R. von Behren and Jeremy Condit and Feng Zhou and
                 George C. Necula and Eric Brewer",
  booktitle =    "SOSP",
  pages =        "268--281",
  title =        "Capriccio: Scalable Threads for Internet Services",
  year =         "2003",
}

@Unpublished{StateThreads,
  author =       "G. Shekhtman and Mike Abbott",
  note =         "\url{http://state-threads.sourceforge.net/}",
  title =        "State Threads Library for Internet Applications",
  year =         "2009",
}

@InProceedings{PLDI07_Li,
  author =       "P. Li and Steve Zdancewic",
  booktitle =    "PLDI",
  pages =        "189--199",
  title =        "Combining Events and Threads for Scalable Network
                 Services Implementation and Evaluation of Monadic,
                 Application-level Concurrency Primitives",
  year =         "2007",
}

@InProceedings{MTAAP09_Porterfield,
  author =       "A. Porterfield and Nassib Nassar and Rob Fowler",
  booktitle =    "MTAAP",
  title =        "Multi-threaded Library for Many-core Systems",
  year =         "2009",
}

@InProceedings{WMPP05_Cuvillo,
  author =       "J. del Cuvillo and Weirong Zhu and Ziang Hu and Guang
                 R. Gao",
  booktitle =    "WMPP",
  title =        "{TiNy} Threads: {A} Thread Virtual Machine for the
                 {C}yclops64 Cellular Architecture",
  year =         "2005",
}

@Misc{IntelOMP,
  howpublished = "\url{https://www.openmprtl.org/}",
  title =        "Intel {OpenMP} Runtime Library",
  year =         "2016",
}

@Unpublished{Nanos++,
  note =         "\url{https://pm.bsc.es/projects/nanox/}",
  title =        "Nanos++",
  author = "Barcelona Supercomputing Center",
  year =         "2016",
}

@InProceedings{LCPC96_Kale,
  author =       "L. V. Kal{\'e} and Josh Yelon and T. Knuff",
  booktitle =    "LCPC",
  pages =        "534--552",
  title =        "Threads for Interoperable Parallel Programming",
  year =         "1996",
}

@InProceedings{PACT14_Treichler,
  author =       "S. Treichler and Michael Bauer and Alex Aiken",
  booktitle =    "PACT",
  location =     "Edmonton, AB, Canada",
  pages =        "263--276",
  title =        "Realm: An Event-based Low-level Runtime for
                 Distributed Memory Architectures",
  year =         "2014",
}

@InProceedings{ATC00_Engelschall,
  author =       "R. S. Engelschall",
  booktitle =    "ATC",
  title =        "Portable Multithreading - The Signal Stack Trick For
                 User-Space Thread Creation",
  year =         "2000",
}

@Misc{fcontext,
  title =        "{Boost.Context}",
  howpublished = "\url{http://www.boost.org/doc/libs/1_57_0/libs/context/}",
  year =         "2009",
}

@inproceedings{iwasaki2018,
  title={Lessons learned from analyzing dynamic promotion for user-level threading},
  author={Iwasaki, Shintaro and Amer, Abdelhalim and Taura, Kenjiro and Balaji, Pavan},
  booktitle={Proceedings of the International Conference for High Performance Computing, Networking, Storage, and Analysis},
  pages={23},
  year={2018},
  organization={IEEE Press}
}

@article{iwasaki2020,
  author={Iwasaki, Shintaro and Amer, Abdelhalim and Taura, Kenjiro and Balaji, Pavan},
  journal={IEEE Transactions on Parallel and Distributed Systems},
  title={Analyzing the Performance Trade-Off in Implementing User-Level Threads},
  year={2020},
  volume={31},
  number={8},
  pages={1859-1877},
}

@article{seo2018,
  title={Argobots: a lightweight low-level threading and tasking framework},
  author={Seo, Sangmin and Amer, Abdelhalim and Balaji, Pavan and
Bordage, Cyril and Bosilca, George and Brooks, Alex and Carns, Philip
and Castell{\'o}, Adri{\'a}n and Genet, Damien and Herault, Thomas and
others},
  journal={IEEE Transactions on Parallel and Distributed Systems},
  volume={29},
  number={3},
  pages={512--526},
  year={2018},
  publisher={IEEE}
}
