@INPROCEEDINGS{ccgrid,
author={H. V. Dang and S. Seo and A. Amer and P. Balaji},
booktitle={2017 17th {IEEE/ACM} International Symposium on Cluster, Cloud and Grid Computing ({CCGRID})},
title={Advanced Thread Synchronization for Multithreaded MPI Implementations},
year={2017},
volume={},
number={},
pages={314-324},
keywords={concurrency control;message passing;multi-threading;open systems;resource allocation;synchronisation;MPI resource;active threads;communication progress;concurrent multithreaded;cooperative progress model;data locality;first-in-first-out arbitration;hybrid MPI applications;interoperability;locality-preserving lock;message passing interface;multithreaded MPI;ownership passing;residual wasted resource acquisitions;thread synchronization;waiting threads;Benchmark testing;Context;Message systems;Production;Safety;Synchronization;Yarn;MPI;OpenMP;lock;mutex;synchronization;thread safety;threads},
doi={10.1109/CCGRID.2017.65},
ISSN={},
month={May},}


@article{ppopp,
 author = {Amer, Abdelhalim and Lu, Huiwei and Wei, Yanjie and Balaji, Pavan and Matsuoka, Satoshi},
 title = {MPI+Threads: Runtime Contention and Remedies},
 journal = {SIGPLAN Not.},
 issue_date = {August 2015},
 volume = {50},
 number = {8},
 month = jan,
 year = {2015},
 issn = {0362-1340},
 pages = {239--248},
 numpages = {10},
 url = {http://doi.acm.org/10.1145/2858788.2688522},
 doi = {10.1145/2858788.2688522},
 acmid = {2688522},
 publisher = {ACM},
 address = {New York, NY, USA},
 keywords = {MPI, critical section, runtime contention, threads},
}

@article{amer2018,
  title={Lock Contention Management in Multithreaded MPI},
  author={Amer, Abdelhalim Amer and Chabbi, Milind and Lu, Huiwei and
Wei, Yanji and Hammond, Jeff and Matsuoka, Satoshi and Balaji, Pavan},
  journal={ACM Transactions on Parallel Computing},
  year={2018},
  publisher={ACM}
}

@inproceedings{ExaMPI20MCAThreads,
 author = {N. Evans and J. Ciesko and S. Olivier and H. Pritchard and S. Iwasaki and K. Raffenetti and P. Balaji},
 title = {Implementing Flexible Threading Support in {Open MPI}},
  booktitle={Proceedings of the Workshop on Exascale MPI in conjunction with International Conference for High Performance Computing, Networking, Storage, and Analysis (ExaMPI '20)},
 year = {2020},
 month = {Nov.},
}

