# Put your BibTeX entries in this file.

@techreport{PWN-2020-01,
	title = {Formulation of Requirements for new PAPI++ Software Package: Part I: Survey Results},
	journal = {PAPI++ Working Notes},
	number = {1, ICL-UT-20-02},
	year = {2020},
	month = {2020-01},
	publisher = {Innovative Computing Laboratory, University of Tennessee Knoxville},
	author = {Heike Jagode and Anthony Danalis and Jack Dongarra}
}


@techreport{PWN-2020-07,
	title = {Roadmap for Refactoring classic PAPI to PAPI++: Part II: Formulation of Roadmap based on Survey Results},
	journal = {PAPI++ Working Notes},
	number = {2, ICL-UT-20-09},
	year = {2020},
	month = {2020-07},
	publisher = {Innovative Computing Laboratory, University of Tennessee},
	author = {Heike Jagode and Anthony Danalis and Damien Genet}
}


@conference{toolsWS-2020-09,
	title = {Effortless Monitoring of Arithmetic Intensity with PAPI{\textquoteright}s Counter Analysis Toolkit},
	booktitle = {13th International Workshop on Parallel Tools for High Performance Computing},
	year = {2020},
	month = {2020-09},
	publisher = {Springer International Publishing},
	organization = {Springer International Publishing},
	address = {Dresden, Germany},
	author = {Daniel Barry and Anthony Danalis and Heike Jagode}
}

