
@techreport{abdelfattah2017roadmap,
  author={Abdelfattah, Ahmad and Anzt, Hartwig and Bouteiller, Aurelien and
          Danalis, Anthony and Dongarra, Jack and Gates, Mark and
          Haidar, Azzam and Kurzak, Jakub and Luszczek, Piotr and
          Tomov, Stanimire and Wood, Stephen and Wu, Panruo and
          Yamazaki, Ichitaro and YarKhan, Asim},
  title={{SLATE} Working Note 1: Roadmap for the Development
         of a Linear Algebra Library for Exascale Computing:
         {SLATE}: Software for Linear Algebra Targeting Exascale},
  institution={Innovative Computing Laboratory, University of Tennessee},
  year={2017},
  month={June},
  number={ICL-UT-17-02},
  note={revision 04-2018}
}

@techreport{kurzak2017designing,
  author={Kurzak, Jakub and Wu, Panruo and Gates, Mark and Yamazaki, Ichitaro
          and Luszczek, Piotr and Ragghianti, Gerald and Dongarra, Jack},
  title={{SLATE} Working Note 3: Designing {SLATE}:
         Software for Linear Algebra Targeting Exascale},
  institution={Innovative Computing Laboratory, University of Tennessee},
  year={2017},
  month={September},
  number={ICL-UT-17-06},
  note={revision 09-2017}
}

@techreport{thsd2018ECPFFT,
  author={Tomov, Stanimire and Haidar, Azzam and Schultz, Daniel and Dongarra, Jack},
  title={{Evaluation and Design of FFT for Distributed Accelerated Systems}},
  institution={Innovative Computing Laboratory, University of Tennessee},
  year={2018},
  month={October},
  type={ECP WBS 2.3.3.09 Milestone Report},
  number={FFT-ECP ST-MS-10-1216},
  note={revision 10-2018}
}

@techreport {thasd19,
  title = {FFT-ECP Implementation Optimizations and Features Phase},
  journal = {Innovative Computing Laboratory Technical Report},
  number = {ICL-UT-19-12, FFT-ECP ST-MS-10-1440},
  year = {2019},
  month = {2019-10},
  type  = {ECP WBS 2.3.3.09 Milestone Report},
  publisher = {University of Tennessee},
  author = {Stanimire Tomov and Azzam Haidar and Alan Ayala and Hejer Shaiek and Jack Dongarra}
}

@techreport{eurompi19,
  title = {GPUDirect MPI Communications and Optimizations to Accelerate FFTs on Exascale Systems},
  journal = {EuroMPI{\textquoteright}19 Posters, Zurich, Switzerland},
  number = {icl-ut-19-06},
  year = {2019},
  month = {2019-09},
  publisher = {ICL},
  type = {Extended Abstract},
  keywords = {CUDA-Aware MPI, ECP, FFT, FFT-ECP, gpu, GPUDirect},
  author = {Hejer Shaiek and Stanimire Tomov and Alan Ayala and Azzam Haidar and Jack Dongarra}
}

@conference {sc19,
  title = {Impacts of Multi-GPU MPI Collective Communications on Large FFT Computation},
  booktitle = {SC{\textquoteright}19, Proc. of Workshop on Exascale MPI (ExaMPI)},
  year = {2019},
  address = {Denver, CO},
  keywords = {Collective MPI, Exascale applications, FFT, Heterogeneous systems, scalable},
  author = {Alan Ayala and Stanimire Tomov and Xi Luo and Hejer Shaiek and Azzam Haidar and 
            George Bosilca and Jack Dongarra}
}

@article{Tomov_2010_pcsa,
        Author = {{Tomov}, S. and {Dongarra}, J. and {Baboulin}, M.},
        Journal = {Parellel Comput. Syst. Appl.},
        Note = {\href{http://dx.doi.org/10.1016/j.parco.2009.12.005}{DOI:~10.1016/j.parco.2009.12.005}},
        Number = {5-6},
        Pages = {232-240},
        Title = {Towards Dense Linear Algebra for Hybrid GPU Accelerated Manycore Systems},
        Volume = {36},
        Year = {2010}}

@article{Nath2010,
  author      = {Nath, Rajib and Tomov, Stanimire and Dongarra, Jack},
  title       = {An Improved Magma Gemm For Fermi Graphics Processing Units},
  journal     = {Int. J. High Perform. Comput. Appl.},
  issue_date  = {November  2010},
  volume      = {24},
  number      = {4},
  month       = nov,
  year        = {2010},
  issn        = {1094-3420},
  pages       = {511--515},
  numpages    = {5},
  url         = {http://dx.doi.org/10.1177/1094342010385729},
  doi         = {10.1177/1094342010385729},
  acmid       = {1889710},
  publisher   = {Sage Publications, Inc.},
  address     = {Thousand Oaks, CA, USA},
  keywords    = {CUDA matrix mutiply, Fermi, GPU BLAS, dense linear algebra, hybrid computing},
}

@article{Kurzak2012gemmfermi,
  author={Jakub Kurzak and Stanimire Tomov and Jack Dongarra},
  title={Autotuning {GEMM} Kernels for the {Fermi} {GPU}},
  journal={IEEE Transactions on Parallel and Distributed Systems},
  volume=23,
  number=11,
  pages={2045-2057},
  month={November},
  year=2012,
}

@INPROCEEDINGS{tcfft18,
  author={A. {Sorna} and X. {Cheng} and E. {D'Azevedo} and K. {Won} and S. {Tomov}},
  booktitle={2018 IEEE 25th International Conference on High Performance Computing Workshops (HiPCW)},
  title={Optimizing the Fast Fourier Transform Using Mixed Precision on Tensor Core Hardware},
  year={2018},
  volume={},
  number={},
  pages={3-7},
  doi={10.1109/HiPCW.2018.8634417},
  ISSN={},
  month={Dec},
}

@inproceedings{Haidar2018,
 author = {Haidar, Azzam and Tomov, Stanimire and Dongarra, Jack and Higham, Nicholas J.},
 title = {Harnessing GPU Tensor Cores for Fast FP16 Arithmetic to Speed Up Mixed-precision 
          Iterative Refinement Solvers},
 booktitle = {Proceedings of the International Conference for High Performance Computing, 
              Networking, Storage, and Analysis},
 series = {SC '18},
 year = {2018},
 location = {Dallas, Texas},
 pages = {47:1--47:11},
 articleno = {47},
 numpages = {11},
 url = {https://doi.org/10.1109/SC.2018.00050},
 doi = {10.1109/SC.2018.00050},
 acmid = {3291719},
 publisher = {IEEE Press},
 address = {Piscataway, NJ, USA},
} 

@inproceedings{gates2019slate-design,
  Address = {Denver, CO},
  Author = {Gates, Mark and Kurzak, Jakub and Charara, Ali and YarKhan, Asim
            and Dongarra, Jack},
  Booktitle = {Proceedings of the International Conference for High Performance
               Computing, Networking, Storage, and Analysis (SC'19)},
  Organization = {ACM},
  Title = {{SLATE}: Design of a Modern Distributed and Accelerated Linear
           Algebra Library},
  Year = {2019}
}
