@techreport {heffte0.2,
  title = {FFT-ECP API and High-Performance Library Prototype for 2-D and 3-D FFTs on Large-Scale Heterogeneous Systems with GPUs},
  number = {FFT-ECP STML13-27},
  year = {2020},
  note = {revision 01-2020},
  month = {2020-01},
  publisher = {Innovative Computing Laboratory, University of Tennessee},
  type = {ECP WBS 2.3.3.13 Milestone Report},
  author = {Stanimire Tomov and Alan Ayala and Azzam Haidar and Jack Dongarra}
}

@conference{heffte-iccs20,
  title = {{heFFTe: Highly Efficient FFT for Exascale}},
  booktitle = {International Conference on Computational Science (ICCS 2020)},
  year = {2020},
  month = {2020-06},
  address = {Amsterdam, Netherlands},
  keywords = {exascale, FFT, gpu, scalable algorithm},
  doi = {https://doi.org/10.1007/978-3-030-50371-0_19},
  author = {Alan Ayala and Stanimire Tomov and Azzam Haidar and Jack Dongarra}
}


@conference{heffte-pact21,
  title = {{Scalability Issues in FFT Computation}},
  booktitle = {International Conference on Parallel Computing Technologies (PaCT 2021)},
  year = {2021},
  month = {2021-09},
  publisher = {Springer, Cham},
  doi = {https://doi.org/10.1007/978-3-030-86359-3_21},
  author = {Alan Ayala and Stanimire Tomov and Miroslav Stoyanov and Jack Dongarra}
}

@techreport {fftbenchmark,
  title = {Interim Report on Benchmarking FFT Libraries on High Performance Systems},
  journal = {Innovative Computing Laboratory Technical Report},
  number = {ICL-UT-21-03},
  year = {2021},
  month = {2021-07},
  publisher = {University of Tennessee},
  type = {ICL Tech Report},
  author = {Ayala, Alan and Tomov, Stanimire and Luszczek, Piotr and Cayrols, Sebastien and Ragghianti, Gerald and Dongarra, Jack}
}

@techreport{hpec21,
  title = {A More Portable HeFFTe: Implementing a Fallback Algorithm for Scalable Fourier Transforms},
  journal = {ICL Technical Report},
  number = {ICL-UT-21-04},
  year = {2021},
  note = {HPEC{\textquoteright}21},
  month = {2021-08},
  publisher = {University of Tennessee},
  type = {ICL Tech Report},
  author = {Daniel Sharp and Miroslav Stoyanov and Stanimire Tomov and Jack Dongarra}
}
