
@techreport{petsc-man,
  title={{PETSc Users Manual Revision 3.14}},
  author={S. Balay and S. Abhyankar and M. Adams and J. Brown and P. Brune and K. Buschelman and L. Dalcin and A. Dener and V. Eijkhout and W. Gropp and D. Karpeyev and D. Kaushik and M. Knepley and D. May and L. Curfman McInnes and R. Mills and T. Munson and K. Rupp and P. Sanan and B. Smith and S. Zampini and H. Zhang and H. Zhang},
  type={Technical Memorandum},
  number={ANL-95/11 Rev. 3.14},
  institution={Argonne National Laboratory},
  year={2020},
}

@techreport{tao-man,
  title={{TAO 3.14 Users Manual}},
  author={A. Dener and A. Denchfield and T. Munson and J. Sarich and S. Wild and S. Benson and L. Curfman McInnes},
  type={Technical Memorandum},
  number={ANL/MCS-TM-322 Rev. 3.14},
  institution={Argonne National Laboratory},
  year={2020},
}

@misc{petsc:homepage,
author = "{PETSc/TAO} Team",
title = "{PETSc/TAO} Website",
 howpublished = {\url{https://www.mcs.anl.gov/petsc}}
}

@article{mills2021toward,
  title={Toward performance-portable {PETSc} for {GPU}-based exascale systems},
  author={Mills, Richard Tran and Adams, Mark F and Balay, Satish and Brown, Jed and Dener, Alp and Knepley, Matthew and Kruger, Scott E and Morgan, Hannah and Munson, Todd and Rupp, Karl and others},
  journal={Parallel Computing},
  pages={102831},
  year={2021},
  publisher={Elsevier}
}

@article{zhang2021petscsf,
  title={The {PetscSF} Scalable Communication Layer},
  author={Zhang, Junchao and Brown, Jed and Balay, Satish and Faibussowitsch, Jacob and Knepley, Matthew and Marin, Oana and Mills, Richard Tran and Munson, Todd and Smith, Barry F and Zampini, Stefano},
  journal={IEEE Transactions on Parallel and Distributed Systems},
  year={2021},
  publisher={IEEE}
}

@article{hudson2021libensemble,
  title={{libEnsemble}: {A} Library to Coordinate the Concurrent Evaluation of Dynamic Ensembles of Calculations},
  author={Hudson, Stephen and Larson, Jeffrey and Navarro, John-Luke and Wild, Stefan},
  journal={IEEE Transactions on Parallel and Distributed Systems},
  year={2021},
  publisher={IEEE}
}

